<record><leader>00000cas a22000007a 4500</leader><controlfield tag="001">14925163</controlfield><controlfield tag="008">861204d19761984nvu x ne      0    0eng d</controlfield><datafield ind1=" " ind2=" " tag="010"><subfield code="a">sn 86076462 </subfield></datafield><datafield ind1=" " ind2=" " tag="040"><subfield code="a">NNX</subfield><subfield code="b">eng</subfield><subfield code="c">NNX</subfield><subfield code="d">OCLCQ</subfield><subfield code="d">OCLCF</subfield><subfield code="d">OCLCO</subfield></datafield><datafield ind1="1" ind2=" " tag="029"><subfield code="a">AU@</subfield><subfield code="b">000020454433</subfield></datafield><datafield ind1=" " ind2=" " tag="042"><subfield code="a">msc</subfield></datafield><datafield ind1=" " ind2=" " tag="043"><subfield code="a">n-us-nv</subfield></datafield><datafield ind1="0" ind2="4" tag="245"><subfield code="a">The concerned citizen.</subfield></datafield><datafield ind1=" " ind2=" " tag="260"><subfield code="a">[Silver Peak, Nev.] :</subfield><subfield code="b">K. Polman,</subfield><subfield code="c">1976-1984.</subfield></datafield><datafield ind1=" " ind2=" " tag="300"><subfield code="a">v. :</subfield><subfield code="b">ill.</subfield></datafield><datafield ind1=" " ind2=" " tag="310"><subfield code="a">Irregular</subfield></datafield><datafield ind1="0" ind2=" " tag="362"><subfield code="a">[No. 1] (Nov. 1976)-no. 23 (Oct. 31, 1984).</subfield></datafield><datafield ind1=" " ind2=" " tag="500"><subfield code="a">Mimeograph.</subfield></datafield><datafield ind1=" " ind2="0" tag="651"><subfield code="a">Silver Peak (Nev.)</subfield><subfield code="v">Newspapers.</subfield></datafield><datafield ind1=" " ind2="7" tag="655"><subfield code="a">Newspapers.</subfield><subfield code="2">fast</subfield><subfield code="0">(OCoLC)fst01423814</subfield></datafield><datafield ind1=" " ind2="7" tag="651"><subfield code="a">Nevada</subfield><subfield code="z">Silver Peak.</subfield><subfield code="2">fast</subfield><subfield code="0">(OCoLC)fst01870608</subfield></datafield><datafield ind1=" " ind2=" " tag="752"><subfield code="a">United States</subfield><subfield code="b">Nevada</subfield><subfield code="c">Esmeralda</subfield><subfield code="d">Silver Peak.</subfield></datafield><datafield ind1="0" ind2="0" tag="785"><subfield code="t">Montezuma's review</subfield><subfield code="w">(DLC)sn 86076463</subfield><subfield code="w">(OCoLC)14925203</subfield></datafield></record>